<record><leader>00000cas a22000007a 4500</leader><controlfield tag="001">10029483</controlfield><controlfield tag="008">831018d1983198utxuwr ne      0   a0eng d</controlfield><datafield ind1=" " ind2=" " tag="010"><subfield code="a">sn 83004519 </subfield></datafield><datafield ind1=" " ind2=" " tag="040"><subfield code="a">NSD</subfield><subfield code="b">eng</subfield><subfield code="c">NSD</subfield><subfield code="d">OCLCQ</subfield></datafield><datafield ind1=" " ind2=" " tag="012"><subfield code="j">0</subfield><subfield code="k">1</subfield><subfield code="m">d</subfield></datafield><datafield ind1="1" ind2=" " tag="022"><subfield code="a">0746-4150</subfield><subfield code="l">0746-4150</subfield><subfield code="2">1</subfield></datafield><datafield ind1=" " ind2=" " tag="037"><subfield code="b">Lakeside Record American, PO Box 400, Rowlett, TX 75088</subfield></datafield><datafield ind1=" " ind2=" " tag="042"><subfield code="a">nsdp</subfield></datafield><datafield ind1=" " ind2="0" tag="222"><subfield code="a">Lakeside record American</subfield></datafield><datafield ind1="0" ind2="0" tag="245"><subfield code="a">Lakeside record American.</subfield></datafield><datafield ind1=" " ind2=" " tag="260"><subfield code="a">Rowlett, Tex. :</subfield><subfield code="b">Dorothy Neville,</subfield><subfield code="c">1983-</subfield></datafield><datafield ind1=" " ind2=" " tag="310"><subfield code="a">Weekly,</subfield><subfield code="b">&lt;Feb. 23, 1984-&gt;</subfield></datafield><datafield ind1=" " ind2=" " tag="321"><subfield code="a">Semiweekly,</subfield><subfield code="b">Oct. 6, 1983-</subfield></datafield><datafield ind1="0" ind2=" " tag="362"><subfield code="a">Vol. 1, no. 1 (Thursday, Oct. 6, 1983)-</subfield></datafield><datafield ind1=" " ind2=" " tag="580"><subfield code="a">Merger of: Rowlett record; Rockwall Lakeside news; and, Royse City American.</subfield></datafield><datafield ind1=" " ind2=" " tag="752"><subfield code="a">United States</subfield><subfield code="b">Texas</subfield><subfield code="c">Dallas</subfield><subfield code="d">Rowlett.</subfield></datafield><datafield ind1="1" ind2="4" tag="780"><subfield code="t">Rowlett record</subfield><subfield code="x">0745-4198</subfield></datafield><datafield ind1="1" ind2="4" tag="780"><subfield code="t">Rockwall Lakeside news</subfield></datafield><datafield ind1="1" ind2="4" tag="780"><subfield code="t">Royse City American</subfield></datafield><datafield ind1="0" ind2="0" tag="785"><subfield code="t">Rowlett record American</subfield><subfield code="x">0886-3733</subfield></datafield><datafield ind1=" " ind2=" " tag="936"><subfield code="a">Feb. 23, 1984</subfield></datafield></record>